<record><leader>00000cas a22000007a 4500</leader><controlfield tag="001">10125792</controlfield><controlfield tag="008">831114c19719999iaudn ne      0   a0eng d</controlfield><controlfield tag="009">467</controlfield><datafield ind1=" " ind2=" " tag="010"><subfield code="a">sn 83009965 </subfield></datafield><datafield ind1=" " ind2=" " tag="040"><subfield code="a">NSD</subfield><subfield code="b">eng</subfield><subfield code="c">NSD</subfield><subfield code="d">INP</subfield><subfield code="d">OCL</subfield><subfield code="d">DLC</subfield><subfield code="d">OCLCQ</subfield></datafield><datafield ind1=" " ind2=" " tag="012"><subfield code="m">X</subfield></datafield><datafield ind1="1" ind2=" " tag="022"><subfield code="a">0746-5645</subfield><subfield code="l">0746-5645</subfield><subfield code="2">1</subfield></datafield><datafield ind1=" " ind2=" " tag="032"><subfield code="a">095740</subfield><subfield code="b">USPS</subfield></datafield><datafield ind1=" " ind2=" " tag="042"><subfield code="a">nsdp</subfield></datafield><datafield ind1="0" ind2=" " tag="130"><subfield code="a">Cedar Valley times (Vinton, Iowa : 1971)</subfield></datafield><datafield ind1=" " ind2="4" tag="222"><subfield code="a">The Cedar Valley times</subfield></datafield><datafield ind1="0" ind2="4" tag="245"><subfield code="a">The Cedar Valley times.</subfield></datafield><datafield ind1="1" ind2="3" tag="246"><subfield code="a">Cedar Valley daily times</subfield><subfield code="f">Jan. 4, 1971-Jan. 6, 1975</subfield></datafield><datafield ind1=" " ind2=" " tag="260"><subfield code="a">Vinton, Iowa :</subfield><subfield code="b">Cedar Valley Daily Times Inc.,</subfield><subfield code="c">1971-</subfield></datafield><datafield ind1=" " ind2=" " tag="300"><subfield code="a">v. :</subfield><subfield code="b">ill.</subfield></datafield><datafield ind1=" " ind2=" " tag="310"><subfield code="a">Daily (except Saturday, Sunday, and holidays)</subfield></datafield><datafield ind1="0" ind2=" " tag="362"><subfield code="a">Vol. 85, no. 89 (Jan. 4, 1971)-v. 87, no. 259 (Sept. 1, 1972) ; v. 58, no. 3 (Sept. 5, 1972)-</subfield></datafield><datafield ind1=" " ind2=" " tag="500"><subfield code="a">Apr. 30, 1976, "Progress" issue commemorates economic development in Vinton.</subfield></datafield><datafield ind1=" " ind2=" " tag="500"><subfield code="a">Apr. 15, 1982, issue commemorates the 130th anniversary of the Iowa Braille and Sight Saving School in Vinton.</subfield></datafield><datafield ind1=" " ind2=" " tag="515"><subfield code="a">Issue designation reversed in numbering system beginning with no. 66, v. 183 (July 7, 1981).</subfield></datafield><datafield ind1=" " ind2=" " tag="515"><subfield code="a">Frequent errors in numbering.</subfield></datafield><datafield ind1=" " ind2=" " tag="580"><subfield code="a">&lt;Vol. 21, no. 69-   &gt; include: Viking voice.</subfield></datafield><datafield ind1=" " ind2=" " tag="752"><subfield code="a">United States</subfield><subfield code="b">Iowa</subfield><subfield code="c">Benton</subfield><subfield code="d">Vinton.</subfield></datafield><datafield ind1="1" ind2=" " tag="777"><subfield code="t">Viking voice</subfield><subfield code="x">0746-5637</subfield></datafield><datafield ind1="0" ind2="0" tag="780"><subfield code="t">Cedar Valley daily times</subfield><subfield code="w">(DLC)sn 86060014</subfield></datafield><datafield ind1=" " ind2=" " tag="936"><subfield code="a">Sept. 29, 1983</subfield></datafield></record>